@article{Cao:2010:MDA:1877725.1877730,
 author = {Cao, Lan and Ramesh, Balasubramaniam and Abdel-Hamid, Tarek},
 title = {Modeling Dynamics in Agile Software Development},
 journal = {ACM Trans. Manage. Inf. Syst.},
 issue_date = {December 2010},
 volume = {1},
 number = {1},
 month = dec,
 year = {2010},
 issn = {2158-656X},
 pages = {5:1--5:26},
 articleno = {5},
 numpages = {26},
 url = {http://doi.acm.org/10.1145/1877725.1877730},
 doi = {10.1145/1877725.1877730},
 acmid = {1877730},
 publisher = {ACM},
 address = {New York, NY, USA},
 keywords = {Agile software development, process modeling, simulation, system dynamics},
} 
@inproceedings{Sletholt:2011:LRA:1985782.1985784,
 author = {Sletholt, Magnus Thorstein and Hannay, Jo and Pfahl, Dietmar and Benestad, Hans Christian and Langtangen, Hans Petter},
 title = {A Literature Review of Agile Practices and Their Effects in Scientific Software Development},
 booktitle = {Proceedings of the 4th International Workshop on Software Engineering for Computational Science and Engineering},
 series = {SECSE '11},
 year = {2011},
 isbn = {978-1-4503-0598-3},
 location = {Waikiki, Honolulu, HI, USA},
 pages = {1--9},
 numpages = {9},
 url = {http://doi.acm.org/10.1145/1985782.1985784},
 doi = {10.1145/1985782.1985784},
 acmid = {1985784},
 publisher = {ACM},
 address = {New York, NY, USA},
 keywords = {agile software development, literature review, scientific software, scrum, xp},
} 
@inproceedings{Stettina:2011:NNE:2038476.2038509,
 author = {Stettina, Christoph Johann and Heijstek, Werner},
 title = {Necessary and Neglected?: An Empirical Study of Internal Documentation in Agile Software Development Teams},
 booktitle = {Proceedings of the 29th ACM International Conference on Design of Communication},
 series = {SIGDOC '11},
 year = {2011},
 isbn = {978-1-4503-0936-3},
 location = {Pisa, Italy},
 pages = {159--166},
 numpages = {8},
 url = {http://doi.acm.org/10.1145/2038476.2038509},
 doi = {10.1145/2038476.2038509},
 acmid = {2038509},
 publisher = {ACM},
 address = {New York, NY, USA},
 keywords = {agile software development, documentation, empirical study},
} 
@article{Janus:2012:TCA:2237796.2237803,
 author = {Janus, Andr{\'e}},
 title = {Towards a Common Agile Software Development Model (ASDM)},
 journal = {SIGSOFT Softw. Eng. Notes},
 issue_date = {July 2012},
 volume = {37},
 number = {4},
 month = jul,
 year = {2012},
 issn = {0163-5948},
 pages = {1--8},
 numpages = {8},
 url = {http://doi.acm.org/10.1145/2237796.2237803},
 doi = {10.1145/2237796.2237803},
 acmid = {2237803},
 publisher = {ACM},
 address = {New York, NY, USA},
 keywords = {agile, agile software development, development process, life-cycle, software development life-cycle, software engineering methodologies, software measurement},
} 
@inproceedings{Ktata:2009:ADI:1557626.1557636,
 author = {Ktata, Oualid and L{\'e}vesque, Ghislain},
 title = {Agile Development: Issues and Avenues Requiring a Substantial Enhancement of the Business Perspective in Large Projects},
 booktitle = {Proceedings of the 2Nd Canadian Conference on Computer Science and Software Engineering},
 series = {C3S2E '09},
 year = {2009},
 isbn = {978-1-60558-401-0},
 location = {Montreal, Quebec, Canada},
 pages = {59--66},
 numpages = {8},
 url = {http://doi.acm.org/10.1145/1557626.1557636},
 doi = {10.1145/1557626.1557636},
 acmid = {1557636},
 publisher = {ACM},
 address = {New York, NY, USA},
 keywords = {agile development, decision making, goal oriented approaches, project management, requirements engineering, scrum and business modeling, software valuation},
} 