@article{Cao:2010:MDA:1877725.1877730,
 author = {Cao, Lan and Ramesh, Balasubramaniam and Abdel-Hamid, Tarek},
 title = {Modeling Dynamics in Agile Software Development},
 journal = {ACM Trans. Manage. Inf. Syst.},
 issue_date = {December 2010},
 volume = {1},
 number = {1},
 month = dec,
 year = {2010},
 issn = {2158-656X},
 pages = {5:1--5:26},
 articleno = {5},
 numpages = {26},
 url = {http://doi.acm.org/10.1145/1877725.1877730},
 doi = {10.1145/1877725.1877730},
 acmid = {1877730},
 publisher = {ACM},
 address = {New York, NY, USA},
 keywords = {Agile software development, process modeling, simulation, system dynamics},
} 